@article{ReisingerAcquiringRepresentations,
    title = {{Acquiring Evolvability through Adaptive Representations}},
    author = {Reisinger, Joseph and Miikkulainen, Risto},
    keywords = {Control Methods, Global Optimization, I28 [Artificial Intelligence], Problem Solving, adaptive repre-sentations, and Search General Terms experimentation, coevolution, design, evolvability, indirect encodings, modularity, neural networks, performance Keywords genetic algorithms}
}

@article{Ed1994NEURALALGORITHM,
    title = {{NEURAL NETWORK SYNTHESIS USING CELLULAR ENCODING AND THE GENETIC ALGORITHM}},
    year = {1994},
    author = {Ed, Fr and Gruau, Eric and Meyer, Jean-Arcady and Jacques, M and Examinators, Demongeot and Michel, : M and Jacques, Cosnard M and Pierre, Mazoyer M and Whitley, Peretto M Darell}
}

@book{2006RepresentationsAlgorithms,
    title = {{Representations for Genetic and Evolutionary Algorithms}},
    year = {2006},
    publisher = {Springer Berlin Heidelberg},
    url = {http://link.springer.com/10.1007/3-540-32444-5},
    address = {Berlin, Heidelberg},
    isbn = {978-3-540-25059-3},
    doi = {10.1007/3-540-32444-5}
}

@book{Mitchell1996AnAlgorithms,
    title = {{An introduction to genetic algorithms}},
    year = {1996},
    author = {Mitchell, Melanie (Computer scientist)},
    pages = {205},
    publisher = {MIT Press},
    isbn = {9780262133166}
}

@book{SterlingPrinciplesDesign,
    title = {{Principles of neural design}},
    author = {Sterling, Peter and Laughlin, Simon},
    pages = {542},
    isbn = {9780262028707}
}

@book{DowningIntelligenceSystems,
    title = {{Intelligence emerging : adaptivity and search in evolving neural systems}},
    author = {Downing, Keith L.},
    pages = {475},
    isbn = {9780262029131}
}

@article{Koza1996ANetworks,
    title = {{A Comparison between Cellular Encoding and Direct Encoding for Genetic Neural Networks}},
    year = {1996},
    journal = {Genetic Programming},
    author = {Koza, John R and Goldberg, David E and Fogel, David B and Riolo, Rick L and Gruau, Frederic and Whitley, Darrell},
    keywords = {keyword}
}

@article{MiikkulainenEvolvingNeuroevolution,
    title = {{Evolving Neural Networks Sequential Decision Tasks Why Neuroevolution?}},
    author = {Miikkulainen, Risto}
}

@article{DambrosioAGeometry,
    title = {{A Novel Generative Encoding for Exploiting Neural Network Sensor and Output Geometry}},
    author = {D 'ambrosio, David B and Stanley, Kenneth O},
    keywords = {Algorithms Keywords, Categories and Subject Descriptors, Compositional Pattern Producing Networks, Experimentation, HyperNEAT, I26 [Artificial Intelligence], Learning–Connectionism and neural nets, NEAT, con-cept learning General Terms, large-scale artificial neural networks}
}

@article{StanleyTheTopologies,
    title = {{The MIT Press Journals Evolving Neural Networks through Augmenting Topologies}},
    author = {Stanley, Kenneth O and Miikkulainen, Risto},
    url = {http://mitpress.mit.edu/journals http://mitpress.mit.edu/e-mail},
    keywords = {Genetic algorithms, competing conventions, network topologies, neural networks, neuroevolution, speciation}
}

@article{StanleyTheEmbryogeny,
    title = {{The MIT Press Journals A Taxonomy for Artificial Embryogeny}},
    author = {Stanley, Kenneth O and Miikkulainen, Risto},
    url = {http://mitpress.mit.edu/journals http://mitpress.mit.edu/e-mail},
    keywords = {Artificial embryogeny, develop-ment, embryology, evo-lution, generative encoding, genetic algorithms, indirect en-coding, morphogenesis, neuroevolution, ontogeny}
}

@article{Gauci2008ALearning,
    title = {{A Case Study on the Critical Role of Geometric Regularity in Machine Learning}},
    year = {2008},
    journal = {Artificial Intelligence},
    author = {Gauci, Jason and Stanley, Kenneth O}
}

@article{Dambrosio2008GenerativeGECCO-2008,
    title = {{Generative Encoding for Multiagent Learning Winner of the Best Paper Award in the Generative and Developmental Systems track at GECCO-2008}},
    year = {2008},
    author = {D 'ambrosio, David B and Stanley, Kenneth O},
    number = {8},
    publisher = {ACM},
    keywords = {Algorithms Keywords, CPPNs, Categories and Subject Descriptors, HyperNEAT, I211 [Artificial Intelligence], I26 [Artificial Intelligence], Learning—connectionism and neural nets, Multiagent systems, NEAT, Neural Networks, concept learning}
}

@article{Gauci2008ALearningb,
    title = {{A Case Study on the Critical Role of Geometric Regularity in Machine Learning}},
    year = {2008},
    journal = {Artificial Intelligence},
    author = {Gauci, Jason and Stanley, Kenneth O}
}

@article{Inden2012EvolvingSpaces,
    title = {{Evolving neural fields for problems with large input and output spaces}},
    year = {2012},
    journal = {Neural Networks},
    author = {Inden, Benjamin and Jin, Yaochu and Haschke, Robert and Ritter, Helge},
    isbn = {0893-6080},
    doi = {10.1016/j.neunet.2012.01.001},
    issn = {08936080},
    pmid = {22391232},
    keywords = {Artificial life, Indirect encoding, NEAT, Neuroevolution}
}

@inproceedings{Shorten2014HowSearch,
    title = {{How evolvable is novelty search?}},
    year = {2014},
    booktitle = {IEEE SSCI 2014 - 2014 IEEE Symposium Series on Computational Intelligence - IEEE ICES: 2014 IEEE International Conference on Evolvable Systems, Proceedings},
    author = {Shorten, David and Nitschke, Geoff},
    isbn = {9781479944804},
    doi = {10.1109/ICES.2014.7008731}
}

@inproceedings{Clune2008HowDecreases,
    title = {{How a generative encoding fares as problem-regularity decreases}},
    year = {2008},
    booktitle = {Lecture Notes in Computer Science (including subseries Lecture Notes in Artificial Intelligence and Lecture Notes in Bioinformatics)},
    author = {Clune, Jeff and Ofria, Charles and Pennock, Robert T.},
    isbn = {3540876995},
    doi = {10.1007/978-3-540-87700-4{\_}36},
    issn = {03029743},
    keywords = {ANN, Evolution, HyperNEAT, Modularity, NEAT, Regularity}
}

@inproceedings{Drchal2008Tree-basedNetworks,
    title = {{Tree-based indirect encodings for evolutionary development of neural networks}},
    year = {2008},
    booktitle = {Lecture Notes in Computer Science (including subseries Lecture Notes in Artificial Intelligence and Lecture Notes in Bioinformatics)},
    author = {Drchal, Jan and {\v{S}}norek, Miroslav},
    isbn = {3540875581},
    doi = {10.1007/978-3-540-87559-8{\_}87},
    issn = {03029743}
}

@inproceedings{Kamioka2009NeuroevolutionRepresentation,
    title = {{Neuroevolution based on reusable and hierarchical modular representation}},
    year = {2009},
    booktitle = {Lecture Notes in Computer Science (including subseries Lecture Notes in Artificial Intelligence and Lecture Notes in Bioinformatics)},
    author = {Kamioka, Takumi and Uchibe, Eiji and Doya, Kenji},
    isbn = {3642024890},
    doi = {10.1007/978-3-642-02490-0{\_}3},
    issn = {03029743}
}

@article{Tarapore2015EvolvabilityBenchmarks,
    title = {{Evolvability signatures of generative encodings: Beyond standard performance benchmarks}},
    year = {2015},
    journal = {Information Sciences},
    author = {Tarapore, Danesh and Mouret, Jean Baptiste},
    isbn = {0020-0255},
    doi = {10.1016/j.ins.2015.03.046},
    issn = {00200255},
    arxivId = {arXiv:1410.4985v1},
    keywords = {Artificial evolution, Central pattern generators, Developmental encodings, Evolvability, Generative encodings, Legged robots}
}

@inproceedings{Drchal2008Tree-basedNetworksb,
    title = {{Tree-based indirect encodings for evolutionary development of neural networks}},
    year = {2008},
    booktitle = {Lecture Notes in Computer Science (including subseries Lecture Notes in Artificial Intelligence and Lecture Notes in Bioinformatics)},
    author = {Drchal, Jan and {\v{S}}norek, Miroslav},
    isbn = {3540875581},
    doi = {10.1007/978-3-540-87559-8{\_}87},
    issn = {03029743}
}

@article{Ahmadizar2015ArtificialAlgorithm,
    title = {{Artificial neural network development by means of a novel combination of grammatical evolution and genetic algorithm}},
    year = {2015},
    journal = {Engineering Applications of Artificial Intelligence},
    author = {Ahmadizar, Fardin and Soltanian, Khabat and Akhlaghiantab, Fardin and Tsoulos, Ioannis},
    doi = {10.1016/j.engappai.2014.11.003},
    issn = {09521976},
    keywords = {Adaptive penalty approach, Classification problems, Genetic algorithm, Grammatical evolution, Neural networks}
}

@article{Durr2010GeneticControllers,
    title = {{Genetic representation and evolvability of modular neural controllers}},
    year = {2010},
    journal = {IEEE Computational Intelligence Magazine},
    author = {D{\"{u}}rr, Peter and Floreano, Dario and Claudio, Mattiussi},
    isbn = {1556-603X},
    doi = {10.1109/MCI.2010.937319},
    issn = {1556603X}
}

@article{StanleyGenerativeTutorial,
    title = {{Generative and Developmental Systems Tutorial}},
    author = {Stanley, Kenneth O and Stanley, K O and Miikkulainen, R},
    url = {http://eplex.cs.ucf.edu http://dx.doi.org/10.1145/2739482.2756568},
    doi = {10.1145/2739482.2756568}
}

@article{MiikkulainenEvolvingStrategies,
    title = {{Evolving Neural Networks Why Neuroevolution? I Neural nets powerful in many statistical domains Forming Decision Strategies}},
    author = {Miikkulainen, Risto},
    url = {http://dx.doi.org/10.1145/2739482.2756577},
    doi = {10.1145/2739482.2756577},
    keywords = {g control, pattern recognition, prediction}
}

@article{AuthorTitle,
    title = {{Title}},
    author = {{Author}}
}

@article{Bhattacharyya2009RobustNetworks,
    title = {{Robust Regulatory Networks}},
    year = {2009},
    author = {Bhattacharyya, Arnab and Haeupler, Bernhard},
    arxivId = {arXiv:0904.4360v1},
    keywords = {()}
}

@article{Durr2010GeneticControllersb,
    title = {{Genetic representation and evolvability of modular neural controllers}},
    year = {2010},
    journal = {IEEE Computational Intelligence Magazine},
    author = {D{\"{u}}rr, Peter and Floreano, Dario and Claudio, Mattiussi},
    isbn = {1556-603X},
    doi = {10.1109/MCI.2010.937319},
    issn = {1556603X}
}

@article{Mouret2009MENNAG:Grammars,
    title = {{MENNAG: A modular, regular and hierarchical encoding for neural-networks based on attribute grammars}},
    year = {2009},
    journal = {Evolutionary Intelligence},
    author = {Mouret, Jean Baptiste and Doncieux, Stéphane},
    doi = {10.1007/s12065-008-0015-7},
    issn = {18645909},
    keywords = {Attribute grammars, Evolutionary algorithms, Evolutionary robotics, Modular neural-networks}
}

@article{ShortenTheNetworks,
    title = {{The Relationship Between Evolvability and Robustness in the Evolution of Boolean Networks}},
    author = {Shorten, David and Nitschke, Geoff}
}

@inproceedings{Richter2015EvolvabilitySurvey,
    title = {{Evolvability of representations in complex system engineering: A survey}},
    year = {2015},
    booktitle = {2015 IEEE Congress on Evolutionary Computation, CEC 2015 - Proceedings},
    author = {Richter, Andreas and Botsch, Mario and Menzel, Stefan},
    isbn = {9781479974924},
    doi = {10.1109/CEC.2015.7257042}
}

@article{Taras2014GrowingNetworks,
    title = {{Growing adaptive machines combining development and learning in artificial neural networks}},
    year = {2014},
    journal = {Studies in Computational Intelligence},
    author = {Taras, Kowaliw and Nicolas, Bredeche and Doursat, Ren??},
    isbn = {9783642553363},
    doi = {10.1007/978-3-642-55337-0},
    issn = {1860949X}
}

@article{Haddow2011ExploringNetworks,
    title = {{Exploring Learning in Evolutionary Artificial Neural Networks}},
    year = {2011},
    author = {Haddow, Pauline and Fr{\o}yen, Even Bruvik}
}

@article{Izquierdo1987ArtificialConference,
    title = {{Artificial Life XI: Proceedings of the Eleventh International Conference}},
    year = {1987},
    author = {Izquierdo, Eduardo J and Fernando, Chrisantha T}
}

@article{Clune2010EVOLVINGBIOLOGY,
    title = {{EVOLVING ARTIFICIAL NEURAL NETWORKS WITH GENERATIVE ENCODINGS INSPIRED BY DEVELOPMENTAL BIOLOGY}},
    year = {2010},
    author = {Clune, Jeff}
}

@article{Clune2011OnRegularity,
    title = {{On the performance of indirect encoding across the continuum of regularity}},
    year = {2011},
    journal = {IEEE Transactions on Evolutionary Computation},
    author = {Clune, Jeff and Stanley, Kenneth O. and Pennock, Robert T. and Ofria, Charles},
    isbn = {1089-778X},
    doi = {10.1109/TEVC.2010.2104157},
    issn = {1089778X},
    keywords = {Artificial neural networks, HyperNEAT, developmental encodings, generative encodings, indirect encodings, regularity}
}

@article{ReisingerSelectingRepresentations,
    title = {{Selecting for Evolvable Representations}},
    author = {Reisinger, Joseph and Miikkulainen, Risto},
    keywords = {Control Methods, Global Optimization, I28 [Artificial Intelligence], Problem Solving, and Search General Terms experimentation, development, estimation-of-distribution, evolvability, indirect encodings, measurement, modularity, performance Keywords genetic algorithms, representations}
}

@article{ReisingerTowardsEvolvability,
    title = {{Towards an Empirical Measure of Evolvability}},
    author = {Reisinger, Joseph and Stanley, Kenneth O and Miikkulainen, Risto},
    keywords = {Control Methods, Global Optimization, I28 [Artificial Intelligence], Problem Solving, and Search General Terms experimentation, development, evolvability, genetic regulatory networks, indirect en-codings, measurement, performance Keywords genetic algorithms, representations}
}

@inproceedings{Whitacre2010TheEnvironments,
    title = {{The role of degenerate robustness in the evolvability of multi-agent systems in dynamic environments}},
    year = {2010},
    booktitle = {Lecture Notes in Computer Science (including subseries Lecture Notes in Artificial Intelligence and Lecture Notes in Bioinformatics)},
    author = {Whitacre, James M. and Rohlfshagen, Philipp and Bender, Axel and Yao, Xin},
    isbn = {3642158439},
    doi = {10.1007/978-3-642-15844-5{\_}29},
    issn = {03029743}
}

@article{Wagner1996Perspective:Evolvability,
    title = {{Perspective: Complex Adaptations and the Evolution of Evolvability}},
    year = {1996},
    journal = {Source: Evolution INTERNATIONAL JOURNAL OF ORGANIC EVOLUTION PUBLISHED BY THE SOCIETY FOR THE STUDY OF EVOLUTION Evolution},
    author = {Wagner, Gunter P and Altenberg, Lee and Wagner1, Gunter P and Altenberg2, Lee},
    number = {503},
    pages = {967--976},
    volume = {50},
    url = {http://www.jstor.org/stable/2410639 http://about.jstor.org/terms}
}

@article{Hu2010EvolvabilityBiology,
    title = {{Evolvability and Speed of Evolutionary Algorithms in Light of Recent Developments in Biology}},
    year = {2010},
    journal = {Journal of Artificial Evolution and Applications},
    author = {Hu, Ting and Banzhaf, Wolfgang},
    doi = {10.1155/2010/568375},
    issn = {1687-6229}
}

@article{TheBiology,
    title = {{The Modern Synthesis is the current paradigm in evolutionary biology}}
}

@inproceedings{Whitacre2012EvolutionaryWorld,
    title = {{Evolutionary mechanics: New engineering principles for the emergence of flexibility in a dynamic and uncertain world}},
    year = {2012},
    booktitle = {Natural Computing},
    author = {Whitacre, James M. and Rohlfshagen, Philipp and Bender, Axel and Yao, Xin},
    isbn = {1567-7818},
    doi = {10.1007/s11047-011-9296-3},
    issn = {15677818},
    pmid = {22962549},
    arxivId = {1101.4103},
    keywords = {Complex systems engineering, Degeneracy, Dynamic capabilities, Dynamic optimization, Evolvability, Redundancy, Robustness, Strategic planning}
}

@article{2010ArtificialDevelopment,
    title = {{Artificial Evolutionary Development}},
    year = {2010}
}

@book{Griffiths2015IntroductionAnalysis,
    title = {{Introduction to genetic analysis}},
    year = {2015},
    author = {Griffiths, Anthony J. F. and Wessler, Susan R. and Carroll, Sean B. and Doebley, John F.},
    pages = {868},
    isbn = {9781464109485}
}

@article{Gatys2015AStyle,
    title = {{A Neural Algorithm of Artistic Style}},
    year = {2015},
    author = {Gatys, Leon A. and Ecker, Alexander S. and Bethge, Matthias},
    month = {8},
    url = {http://arxiv.org/abs/1508.06576},
    arxivId = {1508.06576}
}

@article{KrizhevskyImageNetNetworks,
    title = {{ImageNet Classification with Deep Convolutional Neural Networks}},
    author = {Krizhevsky, Alex and Sutskever, Ilya and Hinton, Geoffrey E}
}

@article{Silver2016MasteringSearch,
    title = {{Mastering the game of Go with deep neural networks and tree search}},
    year = {2016},
    journal = {Nature},
    author = {Silver, David and Huang, Aja and Maddison, Chris J. and Guez, Arthur and Sifre, Laurent and van den Driessche, George and Schrittwieser, Julian and Antonoglou, Ioannis and Panneershelvam, Veda and Lanctot, Marc and Dieleman, Sander and Grewe, Dominik and Nham, John and Kalchbrenner, Nal and Sutskever, Ilya and Lillicrap, Timothy and Leach, Madeleine and Kavukcuoglu, Koray and Graepel, Thore and Hassabis, Demis},
    number = {7587},
    month = {1},
    pages = {484--489},
    volume = {529},
    publisher = {Nature Research},
    url = {http://www.nature.com/doifinder/10.1038/nature16961},
    doi = {10.1038/nature16961},
    issn = {0028-0836}
}

@article{Persson2007WetTires,
    title = {{Wet adhesion with application to tree frog adhesive toe pads and tires}},
    year = {2007},
    journal = {Journal of Physics: Condensed Matter},
    author = {Persson, B N J},
    number = {37},
    month = {9},
    pages = {376110},
    volume = {19},
    publisher = {IOP Publishing},
    url = {http://stacks.iop.org/0953-8984/19/i=37/a=376110?key=crossref.1f394a4e859f6f29dbe02c09446221d6},
    doi = {10.1088/0953-8984/19/37/376110},
    issn = {0953-8984}
}

@article{Stenzel2011Drag-reducingShipping,
    title = {{Drag-reducing paints for the reduction of fuel consumption in aviation and shipping}},
    year = {2011},
    journal = {Progress in Organic Coatings},
    author = {Stenzel, Volkmar and Wilke, Yvonne and Hage, Wolfram},
    number = {4},
    pages = {224--229},
    volume = {70},
    doi = {10.1016/j.porgcoat.2010.09.026},
    issn = {03009440}
}

@article{Grimes2012THE,
    title = {{THE DESIGN OF ATRIAS 1.0 A UNIQUE MONOPOD, HOPPING ROBOT *}},
    year = {2012},
    author = {Grimes, Jesse A and Hurst, Jonathan W},
    keywords = {hopping, legged, monopod, robot, running, walking}
}

@inproceedings{Prothmann2009EvolutionaryOptimisation,
    title = {{Evolutionary algorithms for traffic signal optimisation}},
    year = {2009},
    booktitle = {Proceedings of mobil.TUM 2009 - International Scientific Conference on Mobility and Transport},
    author = {Prothmann, Holger and Schmeck, Hartmut and Schmeck, Hartmut},
    publisher = {TU M{\"{u}}nchen}
}

@book{Poli2008AProgramming,
    title = {{A field guide to genetic programming}},
    year = {2008},
    author = {Poli, R and Langdon, WB and McPhee, NF and Koza, JR},
    url = {https://books.google.com/books?hl=en{\&}lr={\&}id=3PBrqNK5fFQC{\&}oi=fnd{\&}pg=PR11{\&}dq=A+field+guide+to+genetic+programming{\&}ots=ftyzkakWsL{\&}sig=xFMLLhD8OxvkEn9K6HaGxRegcvA}
}